<?xml version="1.0" encoding="UTF-8"?><record xmlns="http://www.loc.gov/MARC21/slim" xmlns:cinclude="http://apache.org/cocoon/include/1.0" xmlns:zs="http://www.loc.gov/zing/srw/">
  <leader>00410nz  a2200121n  4500</leader>
  <controlfield tag="001">n  00029750 </controlfield>
  <controlfield tag="003">DLC</controlfield>
  <controlfield tag="005">20001212150503.0</controlfield>
  <controlfield tag="008">001212n| acannaabn          |n ana      </controlfield>
  <datafield tag="010" ind1=" " ind2=" ">
    <subfield code="a">n  00029750 </subfield>
  </datafield>
  <datafield tag="040" ind1=" " ind2=" ">
    <subfield code="a">DLC</subfield>
    <subfield code="b">eng</subfield>
    <subfield code="c">DLC</subfield>
  </datafield>
  <datafield tag="110" ind1="2" ind2=" ">
    <subfield code="a">Chiesa di San Giovanni Battista del Tempio (Venice, Italy)</subfield>
  </datafield>
  <datafield tag="670" ind1=" " ind2=" ">
    <subfield code="a">Lungo il tragitto crociato della vita, 2000:</subfield>
    <subfield code="b">t.p. verso (Venezia, Chiesa di San Giovanni Battista del Tempio)</subfield>
  </datafield>
</record>